{"code":"200000","data":[{"sequence":"20432377050972160","tradeId":"20432377050972160","price":"91338.1","size":"0.00047892","side":"buy","time":1768275635302000000},{"sequence":"20432377053855745","tradeId":"20432377053855745","price":"91338.1","size":"0.00437888","side":"buy","time":1768275635303000000},{"sequence":"20432377054117888","tradeId":"20432377054117888","price":"91338.1","size":"0.00242355","side":"buy","time":1768275635303000000},{"sequence":"20432377054117889","tradeId":"20432377054117889","price":"91338.1","size":"0.0005","side":"buy","time":1768275635303000000},{"sequence":"20432377054117890","tradeId":"20432377054117890","price":"91338.1","size":"0.00145657","side":"buy","time":1768275635303000000},{"sequence":"20432377054380032","tradeId":"20432377054380032","price":"91338.1","size":"0.00164102","side":"buy","time":1768275635303000000},{"sequence":"20432377054773248","tradeId":"20432377054773248","price":"91338.1","size":"0.00047892","side":"buy","time":1768275635304000000},{"sequence":"20432377055690752","tradeId":"20432377055690752","price":"91338.1","size":"0.00047886","side":"buy","time":1768275635304000000},{"sequence":"20432377056346112","tradeId":"20432377056346112","price":"91338.1","size":"0.00047892","side":"buy","time":1768275635304000000},{"sequence":"20432377057525760","tradeId":"20432377057525760","price":"91338.1","size":"0.0043795","side":"buy","time":1768275635304000000},{"sequence":"20432377058050048","tradeId":"20432377058050048","price":"91338.1","size":"0.00212578","side":"buy","time":1768275635304000000},{"sequence":"20432377061326848","tradeId":"20432377061326848","price":"91338.1","size":"0.00047892","side":"buy","time":1768275635305000000},{"sequence":"20432377062113280","tradeId":"20432377062113280","price":"91338.1","size":"0.00047879","side":"buy","time":1768275635305000000},{"sequence":"20432377062244352","tradeId":"20432377062244352","price":"91338.1","size":"0.00041542","side":"buy","time":1768275635305000000},{"sequence":"20432377063817216","tradeId":"20432377063817216","price":"91338.1","size":"0.0003773","side":"buy","time":1768275635305000000},{"sequence":"20432377063817217","tradeId":"20432377063817217","price":"91338.1","size":"0.00010142","side":"buy","time":1768275635305000000},{"sequence":"20432377066045440","tradeId":"20432377066045440","price":"91338.1","size":"0.00037307","side":"buy","time":1768275635305000000},{"sequence":"20432377066438656","tradeId":"20432377066438656","price":"91338.1","size":"0.00437701","side":"buy","time":1768275635305000000},{"sequence":"20432377066569728","tradeId":"20432377066569728","price":"91338.1","size":"0.00187941","side":"buy","time":1768275635305000000},{"sequence":"20432377067094016","tradeId":"20432377067094016","price":"91338.1","size":"0.00437764","side":"buy","time":1768275635305000000},{"sequence":"20432377067356160","tradeId":"20432377067356160","price":"91338.1","size":"0.00164079","side":"buy","time":1768275635306000000},{"sequence":"20432377067487232","tradeId":"20432377067487232","price":"91338.1","size":"0.00164009","side":"buy","time":1768275635306000000},{"sequence":"20432377069715456","tradeId":"20432377069715456","price":"91338.1","size":"0.00047872","side":"buy","time":1768275635306000000},{"sequence":"20432377074302978","tradeId":"20432377074302978","price":"91338.1","size":"0.00245801","side":"buy","time":1768275635307000000},{"sequence":"20432377074827264","tradeId":"20432377074827264","price":"91338.1","size":"0.00245731","side":"buy","time":1768275635307000000},{"sequence":"20432377076006912","tradeId":"20432377076006912","price":"91338.1","size":"0.00164032","side":"buy","time":1768275635307000000},{"sequence":"20432377076137984","tradeId":"20432377076137984","price":"91338.1","size":"0.00164055","side":"buy","time":1768275635307000000},{"sequence":"20432377078890499","tradeId":"20432377078890499","price":"91338.1","size":"0.00095744","side":"buy","time":1768275635308000000},{"sequence":"20432377080201216","tradeId":"20432377080201216","price":"91338.1","size":"0.00047872","side":"buy","time":1768275635308000000},{"sequence":"20432377080332288","tradeId":"20432377080332288","price":"91338.1","size":"0.00245695","side":"buy","time":1768275635308000000},{"sequence":"20432377080463360","tradeId":"20432377080463360","price":"91338.1","size":"0.00006337","side":"buy","time":1768275635308000000},{"sequence":"20432377080594432","tradeId":"20432377080594432","price":"91338.1","size":"0.00047879","side":"buy","time":1768275635308000000},{"sequence":"20432377080856576","tradeId":"20432377080856576","price":"91338.1","size":"0.00245766","side":"buy","time":1768275635308000000},{"sequence":"20432377084788737","tradeId":"20432377084788737","price":"91338.1","size":"0.00047858","side":"buy","time":1768275635310000000},{"sequence":"20432377085575168","tradeId":"20432377085575168","price":"91338.1","size":"0.00047852","side":"buy","time":1768275635310000000},{"sequence":"20432377086492672","tradeId":"20432377086492672","price":"91338.1","size":"0.00047852","side":"buy","time":1768275635310000000},{"sequence":"20432377087541248","tradeId":"20432377087541248","price":"91338.1","size":"0.00047852","side":"buy","time":1768275635310000000},{"sequence":"20432377090424832","tradeId":"20432377090424832","price":"91338.1","size":"0.00047858","side":"buy","time":1768275635311000000},{"sequence":"20432377091997696","tradeId":"20432377091997696","price":"91338.1","size":"0.00047852","side":"buy","time":1768275635311000000},{"sequence":"20432377092390912","tradeId":"20432377092390912","price":"91338.1","size":"0.0010093","side":"buy","time":1768275635311000000},{"sequence":"20432377092390913","tradeId":"20432377092390913","price":"91338.7","size":"0.0005","side":"buy","time":1768275635311000000},{"sequence":"20432377092390914","tradeId":"20432377092390914","price":"91339.1","size":"0.0005","side":"buy","time":1768275635311000000},{"sequence":"20432377092390915","tradeId":"20432377092390915","price":"91339.1","size":"0.00044731","side":"buy","time":1768275635311000000},{"sequence":"20432377092521984","tradeId":"20432377092521984","price":"91339.1","size":"0.00005269","side":"buy","time":1768275635311000000},{"sequence":"20432377092521985","tradeId":"20432377092521985","price":"91339.1","size":"0.00042583","side":"buy","time":1768275635311000000},{"sequence":"20432377093046272","tradeId":"20432377093046272","price":"91339.1","size":"0.00007417","side":"buy","time":1768275635311000000},{"sequence":"20432377093046273","tradeId":"20432377093046273","price":"91339.1","size":"0.0005","side":"buy","time":1768275635311000000},{"sequence":"20432377093046274","tradeId":"20432377093046274","price":"91339.7","size":"0.0005","side":"buy","time":1768275635311000000},{"sequence":"20432377093046275","tradeId":"20432377093046275","price":"91340.1","size":"0.0005","side":"buy","time":1768275635311000000},{"sequence":"20432377093046276","tradeId":"20432377093046276","price":"91340.1","size":"0.0005","side":"buy","time":1768275635311000000},{"sequence":"20432377093046277","tradeId":"20432377093046277","price":"91340.1","size":"0.00038209","side":"buy","time":1768275635311000000},{"sequence":"20432377094094848","tradeId":"20432377094094848","price":"91340.1","size":"0.00011791","side":"buy","time":1768275635311000000},{"sequence":"20432377094094849","tradeId":"20432377094094849","price":"91340.1","size":"0.0005","side":"buy","time":1768275635311000000},{"sequence":"20432377094094850","tradeId":"20432377094094850","price":"91340.7","size":"0.0005","side":"buy","time":1768275635311000000},{"sequence":"20432377094094851","tradeId":"20432377094094851","price":"91341","size":"0.00134504","side":"buy","time":1768275635311000000},{"sequence":"20432377094750208","tradeId":"20432377094750208","price":"91341","size":"0.0024626","side":"buy","time":1768275635311000000},{"sequence":"20432377095274496","tradeId":"20432377095274496","price":"91341","size":"0.00163985","side":"buy","time":1768275635311000000},{"sequence":"20432377095536640","tradeId":"20432377095536640","price":"91341","size":"0.00163962","side":"buy","time":1768275635311000000},{"sequence":"20432377095667712","tradeId":"20432377095667712","price":"91341","size":"0.00116798","side":"buy","time":1768275635311000000},{"sequence":"20432377096192000","tradeId":"20432377096192000","price":"91341","size":"0.00047141","side":"buy","time":1768275635311000000},{"sequence":"20432377104973825","tradeId":"20432377104973825","price":"91338.1","size":"0.00163915","side":"buy","time":1768275635318000000},{"sequence":"20432377105367040","tradeId":"20432377105367040","price":"91338.1","size":"0.00191352","side":"buy","time":1768275635319000000},{"sequence":"20432377105629184","tradeId":"20432377105629184","price":"91338.1","size":"0.00054873","side":"buy","time":1768275635319000000},{"sequence":"20432377110609920","tradeId":"20432377110609920","price":"91338.1","size":"0.00150528","side":"buy","time":1768275635322000000},{"sequence":"20432377111265280","tradeId":"20432377111265280","price":"91338.1","size":"0.00095662","side":"buy","time":1768275635322000000},{"sequence":"20432377111396352","tradeId":"20432377111396352","price":"91338.1","size":"0.00163892","side":"buy","time":1768275635322000000},{"sequence":"20432377120309248","tradeId":"20432377120309248","price":"91338.1","size":"0.00009778","side":"buy","time":1768275635325000000},{"sequence":"20432377120309249","tradeId":"20432377120309249","price":"91338.1","size":"0.16741022","side":"buy","time":1768275635325000000},{"sequence":"20432377123061760","tradeId":"20432377123061760","price":"91338.1","size":"0.00009778","side":"buy","time":1768275635326000000},{"sequence":"20432377123061761","tradeId":"20432377123061761","price":"91340","size":"0.00888086","side":"buy","time":1768275635326000000},{"sequence":"20432377123061762","tradeId":"20432377123061762","price":"91340.1","size":"0.0065474","side":"buy","time":1768275635326000000},{"sequence":"20432377141542912","tradeId":"20432377141542912","price":"91340.9","size":"0.00163869","side":"buy","time":1768275635332000000},{"sequence":"20432377150193664","tradeId":"20432377150193664","price":"91340.1","size":"0.0007877","side":"buy","time":1768275635335000000},{"sequence":"20432377153470465","tradeId":"20432377153470465","price":"91340.1","size":"0.00167385","side":"buy","time":1768275635336000000},{"sequence":"20432377888784385","tradeId":"20432377888784385","price":"91340.1","size":"0.00008648","side":"buy","time":1768275636922000000},{"sequence":"20432380340879360","tradeId":"20432380340879360","price":"91340.1","size":"0.00045929","side":"buy","time":1768275644140000000},{"sequence":"20432380341534720","tradeId":"20432380341534720","price":"91340.1","size":"0.00003876","side":"buy","time":1768275644141000000},{"sequence":"20432381301768192","tradeId":"20432381301768192","price":"91340","size":"0.00016422","side":"sell","time":1768275647209000000},{"sequence":"20432381302816768","tradeId":"20432381302816768","price":"91340","size":"0.00113506","side":"sell","time":1768275647213000000},{"sequence":"20432382841339904","tradeId":"20432382841339904","price":"91340","size":"0.00437969","side":"sell","time":1768275651560000000},{"sequence":"20432382846713856","tradeId":"20432382846713856","price":"91340","size":"0.0040389","side":"sell","time":1768275651561000000},{"sequence":"20432382846713857","tradeId":"20432382846713857","price":"91340","size":"0.00034141","side":"sell","time":1768275651561000000},{"sequence":"20432382854053888","tradeId":"20432382854053888","price":"91340","size":"0.00438156","side":"sell","time":1768275651563000000},{"sequence":"20432382854578176","tradeId":"20432382854578176","price":"91340.1","size":"0.00075924","side":"buy","time":1768275651564000000},{"sequence":"20432382856413184","tradeId":"20432382856413184","price":"91340.1","size":"0.0016661","side":"buy","time":1768275651565000000},{"sequence":"20432382860869632","tradeId":"20432382860869632","price":"91340","size":"0.00027703","side":"sell","time":1768275651566000000},{"sequence":"20432382860869633","tradeId":"20432382860869633","price":"91340","size":"0.00218382","side":"sell","time":1768275651566000000},{"sequence":"20432382862180352","tradeId":"20432382862180352","price":"91340.1","size":"0.00013357","side":"buy","time":1768275651566000000},{"sequence":"20432382867554316","tradeId":"20432382867554316","price":"91340","size":"0.00231618","side":"sell","time":1768275651568000000},{"sequence":"20432382867554317","tradeId":"20432382867554317","price":"91340","size":"0.00014467","side":"sell","time":1768275651568000000},{"sequence":"20432382870700032","tradeId":"20432382870700032","price":"91340.1","size":"0.00218632","side":"buy","time":1768275651569000000},{"sequence":"20432382878826496","tradeId":"20432382878826496","price":"91340.1","size":"0.00071002","side":"buy","time":1768275651571000000},{"sequence":"20432382974771200","tradeId":"20432382974771200","price":"91340.1","size":"0.00275107","side":"buy","time":1768275651642000000},{"sequence":"20432383180554240","tradeId":"20432383180554240","price":"91340.1","size":"0.00009962","side":"buy","time":1768275652061000000},{"sequence":"20432383232851968","tradeId":"20432383232851968","price":"91340.1","size":"0.00438218","side":"buy","time":1768275652146000000},{"sequence":"20432383233376256","tradeId":"20432383233376256","price":"91340.1","size":"0.00010188","side":"buy","time":1768275652146000000},{"sequence":"20432383233376257","tradeId":"20432383233376257","price":"91340.1","size":"0.00427451","side":"buy","time":1768275652146000000},{"sequence":"20432383233507328","tradeId":"20432383233507328","price":"91340.1","size":"0.00437577","side":"buy","time":1768275652146000000},{"sequence":"20432383234031616","tradeId":"20432383234031616","price":"91340.1","size":"0.00438156","side":"buy","time":1768275652147000000},{"sequence":"20432383605882880","tradeId":"20432383605882880","price":"91340","size":"0.00013917","side":"sell","time":1768275652637000000}]}
